{
  "leader": "01530ctm  2200409Ma 4500",
  "fields": [
    {
      "001": "on1157771184"
    },
    {
      "003": "OCoLC"
    },
    {
      "005": "20211115103939.0"
    },
    {
      "008": "941219r19971993miua\\\\\\\\rbm\\\\\\000\\0\\eng\\d"
    },
    {
      "040": {
        "ind1": "\\",
        "ind2": "\\",
        "subfields": [
          {
            "a": "EUW"
          },
          {
            "b": "eng"
          },
          {
            "c": "EUW"
          },
          {
            "d": "OCLCO"
          },
          {
            "d": "OCL"
          },
          {
            "d": "OCLCO"
          },
          {
            "d": "OCLCA"
          }
        ]
      }
    },
    {
      "035": {
        "ind1": "\\",
        "ind2": "\\",
        "subfields": [
          {
            "a": "(OCoLC)1157771184"
          }
        ]
      }
    },
    {
      "043": {
        "ind1": "\\",
        "ind2": "\\",
        "subfields": [
          {
            "a": "n-mx---"
          }
        ]
      }
    },
    {
      "082": {
        "ind1": "0",
        "ind2": "4",
        "subfields": [
          {
            "a": "362.10972"
          },
          {
            "b": "BIR"
          }
        ]
      }
    },
    {
      "100": {
        "ind1": "1",
        "ind2": "\\",
        "subfields": [
          {
            "a": "Birn, Anne-Emanuelle."
          }
        ]
      }
    },
    {
      "245": {
        "ind1": "1",
        "ind2": "0",
        "subfields": [
          {
            "a": "Local health and foreign wealth :"
          },
          {
            "b": "the Rockefeller Foundations's public health programs in Mexico, 1924-1951 /"
          },
          {
            "c": "by Anne-Emanuelle Birn."
          }
        ]
      }
    },
    {
      "260": {
        "ind1": "\\",
        "ind2": "\\",
        "subfields": [
          {
            "a": "Baltimore, Maryland :"
          },
          {
            "b": "[publisher not identified],"
          },
          {
            "c": "1993."
          }
        ]
      }
    },
    {
      "300": {
        "ind1": "\\",
        "ind2": "\\",
        "subfields": [
          {
            "a": "xiii, 473 pages :"
          },
          {
            "b": "illustrations ;"
          },
          {
            "c": "28 cm"
          }
        ]
      }
    },
    {
      "336": {
        "ind1": "\\",
        "ind2": "\\",
        "subfields": [
          {
            "a": "text"
          },
          {
            "b": "txt"
          },
          {
            "2": "rdacontent"
          }
        ]
      }
    },
    {
      "337": {
        "ind1": "\\",
        "ind2": "\\",
        "subfields": [
          {
            "a": "unmediated"
          },
          {
            "b": "n"
          },
          {
            "2": "rdamedia"
          }
        ]
      }
    },
    {
      "338": {
        "ind1": "\\",
        "ind2": "\\",
        "subfields": [
          {
            "a": "volume"
          },
          {
            "b": "nc"
          },
          {
            "2": "rdacarrier"
          }
        ]
      }
    },
    {
      "500": {
        "ind1": "\\",
        "ind2": "\\",
        "subfields": [
          {
            "a": "Vita."
          }
        ]
      }
    },
    {
      "502": {
        "ind1": "\\",
        "ind2": "\\",
        "subfields": [
          {
            "b": "Sc. D."
          },
          {
            "c": "Johns Hopkins University"
          },
          {
            "d": "1993."
          }
        ]
      }
    },
    {
      "504": {
        "ind1": "\\",
        "ind2": "\\",
        "subfields": [
          {
            "a": "Includes bibliographic references."
          }
        ]
      }
    },
    {
      "533": {
        "ind1": "\\",
        "ind2": "\\",
        "subfields": [
          {
            "a": "Photocopy"
          },
          {
            "b": "Ann Arbor, Mich. :"
          },
          {
            "c": "University Microfilms International"
          },
          {
            "d": "1997"
          },
          {
            "e": "23 cm."
          }
        ]
      }
    },
    {
      "650": {
        "ind1": "\\",
        "ind2": "0",
        "subfields": [
          {
            "a": "Public health"
          },
          {
            "z": "Mexico."
          }
        ]
      }
    },
    {
      "610": {
        "ind1": "2",
        "ind2": "0",
        "subfields": [
          {
            "a": "Rockefeller Foundation."
          }
        ]
      }
    },
    {
      "651": {
        "ind1": "\\",
        "ind2": "0",
        "subfields": [
          {
            "a": "Mexico."
          }
        ]
      }
    },
    {
      "650": {
        "ind1": "\\",
        "ind2": "2",
        "subfields": [
          {
            "a": "Public Health"
          },
          {
            "x": "history."
          }
        ]
      }
    },
    {
      "650": {
        "ind1": "\\",
        "ind2": "2",
        "subfields": [
          {
            "a": "Health Policy"
          },
          {
            "x": "history."
          }
        ]
      }
    },
    {
      "610": {
        "ind1": "2",
        "ind2": "7",
        "subfields": [
          {
            "a": "Rockefeller Foundation."
          },
          {
            "2": "fast"
          },
          {
            "0": "(OCoLC)fst00528303"
          }
        ]
      }
    },
    {
      "650": {
        "ind1": "\\",
        "ind2": "7",
        "subfields": [
          {
            "a": "Medical policy."
          },
          {
            "2": "fast"
          },
          {
            "0": "(OCoLC)fst01014505"
          }
        ]
      }
    },
    {
      "650": {
        "ind1": "\\",
        "ind2": "7",
        "subfields": [
          {
            "a": "Public health."
          },
          {
            "2": "fast"
          },
          {
            "0": "(OCoLC)fst01082238"
          }
        ]
      }
    },
    {
      "651": {
        "ind1": "\\",
        "ind2": "7",
        "subfields": [
          {
            "a": "Mexico."
          },
          {
            "2": "fast"
          },
          {
            "0": "(OCoLC)fst01211700"
          }
        ]
      }
    },
    {
      "710": {
        "ind1": "2",
        "ind2": "\\",
        "subfields": [
          {
            "a": "Johns Hopkins University."
          }
        ]
      }
    },
    {
      "994": {
        "ind1": "\\",
        "ind2": "\\",
        "subfields": [
          {
            "a": "Z0"
          },
          {
            "b": "NYRVC"
          }
        ]
      }
    },
    {
      "948": {
        "ind1": "\\",
        "ind2": "\\",
        "subfields": [
          {
            "h": "NO HOLDINGS IN NYRVC - 1 OTHER HOLDINGS"
          }
        ]
      }
    },
    {
      "999": {
        "ind1": "\\",
        "ind2": "\\",
        "subfields": [
          {
            "a": "00000000012200"
          }
        ]
      }
    }
  ]
}